@article{saarela2015bayesian,
  title={On Bayesian estimation of marginal structural models},
  author={Saarela, Olli and Stephens, David A and Moodie, Erica EM and Klein, Marina B},
  journal={Biometrics},
  year={2015},
  publisher={Wiley Online Library}
}

@phdthesis{borsi2012estimating,
  title={Estimating the Causal Effect of Switching to Second-line Antiretroviral HIV Treatment Using G-computation},
  author={Borsi, Lisa},
  year={2012},
  school={ETH, Department of Mathematics}
}

@article{kurokiinstrumental,
  title={Instrumental Variable Tests for Directed Acyclic Graph Models},
  author={Kuroki, Manabu and Cai, Zhihong}
}

@article{greenland2000introduction,
  title={An introduction to instrumental variables for epidemiologists},
  author={Greenland, Sander},
  journal={International journal of epidemiology},
  volume={29},
  number={4},
  pages={722--729},
  year={2000},
  publisher={IEA}
}

@phdthesis{peter2011marginal,
  title={Marginal structural models and causal inference},
  author={Peter, Karin},
  year={2011},
  school={Master thesis, ETH}
}

@incollection{chakraborty2013g,
  title={G-computation: Parametric Estimation of Optimal DTRs},
  author={Chakraborty, Bibhas and Moodie, Erica EM},
  booktitle={Statistical Methods for Dynamic Treatment Regimes},
  pages={101--112},
  year={2013},
  publisher={Springer}
}



@article{taubman2009intervening,
  title={Intervening on risk factors for coronary heart disease: an application of the parametric g-formula},
  author={Taubman, Sarah L and Robins, James M and Mittleman, Murray A and Hern{\'a}n, Miguel A},
  journal={International Journal of Epidemiology},
  volume={38},
  number={6},
  pages={1599--1611},
  year={2009},
  publisher={IEA}
}



@article{snowden2011implementation,
  title={Implementation of G-computation on a simulated data set: demonstration of a causal inference technique},
  author={Snowden, Jonathan M and Rose, Sherri and Mortimer, Kathleen M},
  journal={American Journal of Epidemiology},
  pages={kwq472},
  year={2011},
  publisher={Oxford Univ Press}
}