@article{robins1999estimation,
  title={Estimation of the causal effect of a time-varying exposure on the marginal mean of a repeated binary outcome},
  author={Robins, James M and Greenland, Sander and Hu, Fu-Chang},
  journal={Journal of the American Statistical Association},
  volume={94},
  number={447},
  pages={687--700},
  year={1999},
  publisher={Taylor \& Francis Group}
}

@article{chen2011comparative,
  title={Comparative Effectiveness of Alendronate and Risedronate on the Risk of Non-Vertebral Fractures in Older Women: An Instrumental Variables Approach: A Dissertation},
  author={Chen, Yong},
  year={2011}
}

@article{brion2013calculating,
  title={Calculating statistical power in Mendelian randomization studies},
  author={Brion, Marie-Jo A and Shakhbazov, Konstantin and Visscher, Peter M},
  journal={International journal of epidemiology},
  volume={42},
  number={5},
  pages={1497--1501},
  year={2013},
  publisher={IEA}
}

@article{burgess2014sample,
  title={Sample size and power calculations in Mendelian randomization with a single instrumental variable and a binary outcome},
  author={Burgess, Stephen},
  journal={International journal of epidemiology},
  pages={dyu005},
  year={2014},
  publisher={IEA}
}

@article{glymour2012credible,
  title={Credible Mendelian randomization studies: approaches for evaluating the instrumental variable assumptions},
  author={Glymour, M Maria and Tchetgen, Eric J Tchetgen and Robins, James M},
  journal={American journal of epidemiology},
  volume={175},
  number={4},
  pages={332--339},
  year={2012},
  publisher={Oxford Univ Press}
}

@article{pierce2013efficient,
  title={Efficient design for Mendelian randomization studies: subsample and 2-sample instrumental variable estimators},
  author={Pierce, Brandon L and Burgess, Stephen},
  journal={American journal of epidemiology},
  volume={178},
  number={7},
  pages={1177--1184},
  year={2013},
  publisher={Oxford Univ Press}
}

@article{pierce2010power,
  title={Power and instrument strength requirements for Mendelian randomization studies using multiple genetic variants},
  author={Pierce, Brandon L and Ahsan, Habibul and VanderWeele, Tyler J},
  journal={International journal of epidemiology},
  pages={dyq151},
  year={2010},
  publisher={IEA}
}

@article{desquilbet2009relationship,
  title={Relationship between a frailty-related phenotype and progressive deterioration of the immune system in HIV-infected men},
  author={Desquilbet, Loic and Margolick, Joseph B and Fried, Linda P and Phair, John P and Jamieson, Beth D and Holloway, Marcy and Jacobson, Lisa P},
  journal={Journal of acquired immune deficiency syndromes (1999)},
  volume={50},
  number={3},
  pages={299},
  year={2009},
  publisher={NIH Public Access}
}

@article{mack2015comparative,
  title={Comparative Effectiveness of Oxaliplatin Versus 5-flourouricil in Older Adults: An Instrumental Variable Analysis},
  author={Mack, Christina DeFilippo and Brookhart, M Alan and Glynn, Robert J and Meyer, Anne Marie and Carpenter, William R and Sandler, Robert S and St{\"u}rmer, Til},
  journal={Epidemiology},
  volume={26},
  number={5},
  pages={690--699},
  year={2015},
  publisher={LWW}
}


@article{leestructural,
  title={STRUCTURAL INSTRUMENTAL VARIABLE ESTIMATOR FOR DYNAMIC TREATMENT EFFECTS: SPANKING EFFECT ON BEHAVIOR},
  author={Lee, Myoung-jae and Huang, Fali}
}
@article{lee2012finding,
  title={Finding dynamic treatment effects under anticipation: the effects of spanking on behaviour},
  author={Lee, Myoung-jae and Huang, Fali},
  journal={Journal of the Royal Statistical Society: Series A (Statistics in Society)},
  volume={175},
  number={2},
  pages={535--567},
  year={2012},
  publisher={Wiley Online Library}
}

@article{mcmahon2000design,
  title={Design issues for drug epidemiology},
  author={McMahon, Alex D and MacDonald, Tom M},
  journal={British journal of clinical pharmacology},
  volume={50},
  number={5},
  pages={419--425},
  year={2000},
  publisher={Wiley Online Library}
}

@article{shinozaki2014estimation,
  title={Estimation of controlled direct effects in time-varying treatments using structural nested mean models: application to a primary prevention trial for coronary events with pravastatin},
  author={Shinozaki, Tomohiro and Matsuyama, Yutaka and Ohashi, Yasuo},
  journal={Statistics in medicine},
  volume={33},
  number={18},
  pages={3214--3228},
  year={2014},
  publisher={Wiley Online Library}
}

@article{robins2003general,
  title={General methodological considerations},
  author={Robins, James M},
  journal={Journal of Econometrics},
  volume={112},
  number={1},
  pages={89--106},
  year={2003},
  publisher={North-Holland}
}

@article{wang2011estimating,
  title={Estimating the causal effect of low tidal volume ventilation on survival in patients with acute lung injury},
  author={Wang, Weiwei and Scharfstein, Daniel and Wang, Chenguang and Daniels, Michael and Needham, Dale and Brower, Roy},
  journal={Journal of the Royal Statistical Society: Series C (Applied Statistics)},
  volume={60},
  number={4},
  pages={475--496},
  year={2011},
  publisher={Wiley Online Library}
}

@article{lok2004estimating,
  title={Estimating the causal effect of a time-varying treatment on time-to-event using structural nested failure time models},
  author={Lok, Judith and Gill, Richard and Van Der Vaart, Aad and Robins, James},
  journal={Statistica Neerlandica},
  volume={58},
  number={3},
  pages={271--295},
  year={2004},
  publisher={Wiley Online Library}
}

@article{gustafson2015discussion,
  title={Discussion of ?On Bayesian Estimation of Marginal Structural Models?},
  author={Gustafson, Paul},
  journal={Biometrics},
  volume={71},
  number={2},
  pages={291--293},
  year={2015},
  publisher={Wiley Online Library}
}

@article{mccandless2007bayesian,
  title={Bayesian sensitivity analysis for unmeasured confounding in observational studies},
  author={McCandless, Lawrence C and Gustafson, Paul and Levy, Adrian},
  journal={Statistics in medicine},
  volume={26},
  number={11},
  pages={2331--2347},
  year={2007},
  publisher={Wiley Online Library}
}


@article{park2015bayesian,
  title={Bayesian Causal Mediation Analysis for Group Randomized Designs with Homogeneous and Heterogeneous Effects: Simulation and Case Study},
  author={Park, Soojin and Kaplan, David},
  journal={Multivariate behavioral research},
  volume={50},
  number={3},
  pages={316--333},
  year={2015},
  publisher={Taylor \& Francis}
}

@article{cole2013analysis,
  title={Analysis of occupational asbestos exposure and lung cancer mortality using the g formula},
  author={Cole, Stephen R and Richardson, David B and Chu, Haitao and Naimi, Ashley I},
  journal={American journal of epidemiology},
  pages={kws343},
  year={2013},
  publisher={Oxford Univ Press}
}


@article{vansteelandt2011invited,
  title={Invited commentary: G-computation--lost in translation?},
  author={Vansteelandt, Stijn and Keiding, Niels},
  journal={American journal of epidemiology},
  pages={kwq474},
  year={2011},
  publisher={Oxford Univ Press}
}

@article{daniel2011gformula,
  title={gformula: Estimating causal effects in the presence of time-varying confounding or mediation using the g-computation formula},
  author={Daniel, Rhian M and De Stavola, Bianca L and Cousens, Simon N and others},
  journal={Stata Journal},
  volume={11},
  number={4},
  pages={479},
  year={2011}
}

@article{weinberg1993toward,
  title={Toward a clearer definition of confounding},
  author={Weinberg, Clarice R},
  journal={American Journal of Epidemiology},
  volume={137},
  number={1},
  pages={1--8},
  year={1993},
  publisher={Oxford Univ Press}
}
@article{daniel2013methods,
  title={Methods for dealing with time-dependent confounding},
  author={Daniel, RM and Cousens, SN and De Stavola, BL and Kenward, MG and Sterne, JAC},
  journal={Statistics in Medicine},
  volume={32},
  number={9},
  pages={1584--1618},
  year={2013},
  publisher={Wiley Online Library}
}


@article{petersen2007pillbox,
  title={Pillbox organizers are associated with improved adherence to HIV antiretroviral therapy and viral suppression: a marginal structural model analysis},
  author={Petersen, Maya L and Wang, Yue and Van Der Laan, Mark J and Guzman, David and Riley, Elise and Bangsberg, David R},
  journal={Clinical Infectious Diseases},
  volume={45},
  number={7},
  pages={908--915},
  year={2007},
  publisher={Oxford University Press}
}

@article{rosenbaum1984consquences,
  title={The consquences of adjustment for a concomitant variable that has been affected by the treatment},
  author={Rosenbaum, Paul R},
  journal={Journal of the Royal Statistical Society. Series A (General)},
  pages={656--666},
  year={1984},
  publisher={JSTOR}
}

@article{brenner2002long,
  title={Long-term survival rates of cancer patients achieved by the end of the 20th century: a period analysis},
  author={Brenner, Hermann},
  journal={The Lancet},
  volume={360},
  number={9340},
  pages={1131--1135},
  year={2002},
  publisher={Elsevier}
}


@article{stukel2007analysis,
  title={Analysis of observational studies in the presence of treatment selection bias: effects of invasive cardiac management on AMI survival using propensity score and instrumental variable methods},
  author={Stukel, Th{\'e}r{\`e}se A and Fisher, Elliott S and Wennberg, David E and Alter, David A and Gottlieb, Daniel J and Vermeulen, Marian J},
  journal={Jama},
  volume={297},
  number={3},
  pages={278--285},
  year={2007},
  publisher={American Medical Association}
}

@article{petersen2014commentary,
  title={Commentary: Applying a causal road map in settings with time-dependent confounding.},
  author={Petersen, Maya L},
  journal={Epidemiology (Cambridge, Mass.)},
  volume={25},
  number={6},
  pages={898--901},
  year={2014},
  publisher={NIH Public Access}
}

@article{decker2014semiparametric,
  title={Semiparametric Estimation of the Impacts of Longitudinal Interventions on Adolescent Obesity using Targeted Maximum-Likelihood: Accessible Estimation with the ltmle Package},
  author={Decker, Anna L and Hubbard, Alan and Crespi, Catherine M and Seto, Edmund YW and Wang, May C},
  journal={Journal of Causal Inference J. Causal Infer.},
  volume={2},
  number={1},
  pages={95--108},
  year={2014}
}

@article{petersen2014targeted,
  title={Targeted maximum likelihood estimation for dynamic and static longitudinal marginal structural working models},
  author={Petersen, Maya and Schwab, Joshua and Gruber, Susan and Blaser, Nello and Schomaker, Michael and van der Laan, Mark},
  journal={Journal of causal inference},
  volume={2},
  number={2},
  pages={147--185},
  year={2014}
}

@article{keil2014parametric,
  title={The parametric G-formula for time-to-event data: towards intuition with a worked example},
  author={Keil, Alexander P and Edwards, Jessie K and Richardson, David R and Naimi, Ashley I and Cole, Stephen R},
  journal={Epidemiology (Cambridge, Mass.)},
  volume={25},
  number={6},
  pages={889},
  year={2014},
  publisher={NIH Public Access}
}



@article{keil2015bayesian,
  title={A Bayesian approach to the g-formula},
  author={Keil, Alexander P and Daza, Eric J and Engel, Stephanie M and Buckley, Jessie P and Edwards, Jessie K},
  journal={arXiv preprint arXiv:1512.04809},
  year={2015}
}

@article{moore2008ambient,
  title={Ambient ozone concentrations cause increased hospitalizations for asthma in children: an 18-year study in Southern California},
  author={Moore, Kelly and Neugebauer, Romain and Lurmann, Fred and Hall, Jane and Brajer, Vic and Alcorn, Sianna and Tager, Ira},
  journal={Environmental Health Perspectives},
  volume={116},
  number={8},
  pages={1063},
  year={2008},
  publisher={National Institute of Environmental Health Sciences}
}

@article{petersen2007pillbox,
  title={Pillbox organizers are associated with improved adherence to HIV antiretroviral therapy and viral suppression: a marginal structural model analysis},
  author={Petersen, Maya L and Wang, Yue and Van Der Laan, Mark J and Guzman, David and Riley, Elise and Bangsberg, David R},
  journal={Clinical Infectious Diseases},
  volume={45},
  number={7},
  pages={908--915},
  year={2007},
  publisher={Oxford University Press}
}

@article{cain2009effect,
  title={Effect of highly active antiretroviral therapy on incident AIDS using calendar period as an instrumental variable},
  author={Cain, Lauren E and Cole, Stephen R and Greenland, Sander and Brown, Todd T and Chmiel, Joan S and Kingsley, Lawrence and Detels, Roger},
  journal={American journal of epidemiology},
  pages={kwp002},
  year={2009},
  publisher={Oxford Univ Press}
}


@article{neugebauer2007causal,
  title={Causal inference in longitudinal studies with history-restricted marginal structural models},
  author={Neugebauer, Romain and van der Laan, Mark J and Joffe, Marshall M and Tager, Ira B},
  journal={Electronic journal of statistics},
  volume={1},
  pages={119},
  year={2007},
  publisher={NIH Public Access}
}


@article{karim2014marginal,
  title={Marginal structural Cox models for estimating the association between $\beta$-interferon exposure and disease progression in a multiple sclerosis cohort},
  author={Karim, Mohammad Ehsanul and Gustafson, Paul and Petkau, John and Zhao, Yinshan and Shirani, Afsaneh and Kingwell, Elaine and Evans, Charity and van der Kop, Mia and Oger, Joel and Tremlett, Helen},
  journal={American journal of epidemiology},
  volume={180},
  number={2},
  pages={160--171},
  year={2014},
  publisher={Oxford Univ Press}
}

@article{snowden2011implementation,
  title={Implementation of G-computation on a simulated data set: demonstration of a causal inference technique},
  author={Snowden, Jonathan M and Rose, Sherri and Mortimer, Kathleen M},
  journal={American Journal of Epidemiology},
  pages={kwq472},
  year={2011},
  publisher={Oxford Univ Press}
}

@article{johnston2008use,
  title={Use of instrumental variables in the analysis of generalized linear models in the presence of unmeasured confounding with applications to epidemiological research},
  author={Johnston, KM and Gustafson, P and Levy, AR and Grootendorst, P},
  journal={Statistics in medicine},
  volume={27},
  number={9},
  pages={1539--1556},
  year={2008},
  publisher={Wiley Online Library}
}

@article{tremlett2008natural,
  title={Natural history of secondary-progressive multiple sclerosis},
  author={Tremlett, Helen and Zhao, Yinshan and Devonshire, Virginia},
  journal={Multiple sclerosis},
  volume={14},
  number={3},
  pages={314--324},
  year={2008},
  publisher={Sage Publications}
}

@article{tremlett2010new,
  title={New perspectives in the natural history of multiple sclerosis},
  author={Tremlett, Helen and Zhao, Yinshan and Rieckmann, Peter and Hutchinson, Michael},
  journal={Neurology},
  volume={74},
  number={24},
  pages={2004--2015},
  year={2010},
  publisher={AAN Enterprises}
}


@article{saarela2015bayesian,
  title={On Bayesian estimation of marginal structural models},
  author={Saarela, Olli and Stephens, David A and Moodie, Erica EM and Klein, Marina B},
  journal={Biometrics},
  year={2015},
  publisher={Wiley Online Library}
}

@article{cain2009effect,
  title={Effect of highly active antiretroviral therapy on incident AIDS using calendar period as an instrumental variable},
  author={Cain, Lauren E and Cole, Stephen R and Greenland, Sander and Brown, Todd T and Chmiel, Joan S and Kingsley, Lawrence and Detels, Roger},
  journal={American journal of epidemiology},
  pages={kwp002},
  year={2009},
  publisher={Oxford Univ Press}
}

@phdthesis{borsi2012estimating,
  title={Estimating the Causal Effect of Switching to Second-line Antiretroviral HIV Treatment Using G-computation},
  author={Borsi, Lisa},
  year={2012},
  school={ETH, Department of Mathematics}
}

@article{kurokiinstrumental,
  title={Instrumental Variable Tests for Directed Acyclic Graph Models},
  author={Kuroki, Manabu and Cai, Zhihong}
}

@article{greenland2000introduction,
  title={An introduction to instrumental variables for epidemiologists},
  author={Greenland, Sander},
  journal={International journal of epidemiology},
  volume={29},
  number={4},
  pages={722--729},
  year={2000},
  publisher={IEA}
}

@phdthesis{peter2011marginal,
  title={Marginal structural models and causal inference},
  author={Peter, Karin},
  year={2011},
  school={Master thesis, ETH}
}

@incollection{chakraborty2013g,
  title={G-computation: Parametric Estimation of Optimal DTRs},
  author={Chakraborty, Bibhas and Moodie, Erica EM},
  booktitle={Statistical Methods for Dynamic Treatment Regimes},
  pages={101--112},
  year={2013},
  publisher={Springer}
}



@article{taubman2009intervening,
  title={Intervening on risk factors for coronary heart disease: an application of the parametric g-formula},
  author={Taubman, Sarah L and Robins, James M and Mittleman, Murray A and Hern{\'a}n, Miguel A},
  journal={International Journal of Epidemiology},
  volume={38},
  number={6},
  pages={1599--1611},
  year={2009},
  publisher={IEA}
}



@article{snowden2011implementation,
  title={Implementation of G-computation on a simulated data set: demonstration of a causal inference technique},
  author={Snowden, Jonathan M and Rose, Sherri and Mortimer, Kathleen M},
  journal={American Journal of Epidemiology},
  pages={kwq472},
  year={2011},
  publisher={Oxford Univ Press}
}